% Encoding: UTF-8

@Misc{hid-sp18-520-OrientDB,
author={OrientDB},
title={OrientDB},
howpublished = {Web},
Url = { http://orientdb.com/},
}
@Misc{hid-sp18-520-OrientDB-cloud,
author={OrientDB},
title={OrientDB in the Cloud},
howpublished = {Web},
Url = {http://orientdb.com/cloud/},
}
@Misc{hid-sp18-520-Redis,
author={Redis},
title={Introduction to Redis},
howpublished = {Web},
Url = { https://redis.io/},
}
@Misc{hid-sp18-520-Redis-Modules,
author={Redis}, 
title={Redis Modules},
howpublished = {Web},
Url = {https://redis.io/modules},
}
@Misc{hid-sp18-520-PyTorch,
author={PyTorch},
title={About},
howpublished = {Web},
Url = { http://pytorch.org/about/},
}
@Misc{hid-sp18-520-TensorFlow,
author={TensorFlow},
title={About TensorFlow},
howpublished = {Web},
Url = {https://www.tensorflow.org/},
}
@Misc{hid-sp18-520-RabbitMQ,
author={Rabbitmq},
howpublished = {Web},
Url = {https://www.rabbitmq.com/},
}
@Misc{hid-sp18-520-RabbitMQ-wiki,
author={Rabbitmq},
title={RabbitMQ},
howpublished = {Web},
Url = {https://en.wikipedia.org/wiki/RabbitMQ},
}

@Comment{jabref-meta: databaseType:bibtex;}
