@Inbook{sckitml,
  author = 	 "scikit",
  title =        "Introduction to Machine Learning with Scikit Learn",
  url = 	 "http://scikit-learn.org/stable/tutorial/basic/tutorial.html",
}

@Inbook{kaggleds,
  author = 	 "shantanuladhwe",
  title =        "kaggle",
  year =         "2018",
  url = 	 "https://www.kaggle.com/shantanuladhwe/bigmart/data",
}
