% Encoding: UTF-8


@Misc{hid-sp18-520-amazonrds,
  Title                    = {Amazon RDS},

  Author                   = {{AWS}},
  HowPublished             = {Web Page},
  Month                    = {March},
  Year                     = {2018},

  Url                      = {https://aws.amazon.com/rds/?p=tile}
}

@Misc{hid-sp18-520-amardsmon,
  Title                    = {Automated Monitoring Tools},

  Author                   = {{AWS}},
  HowPublished             = {Web Page},
  Month                    = {March},
  Year                     = {2018},

  Url                      = {https://docs.aws.amazon.com/AmazonRDS/latest/UserGuide/CHAP_Monitoring.html}
}

@Misc{hid-sp18-520-amazonrdswel,
  Title                    = {Overview of Amazon RDS},

  Author                   = {{AWS}},
  HowPublished             = {Web Page},
  Month                    = {March},
  Year                     = {2018},

  Url                      = {https://docs.aws.amazon.com/AmazonRDS/latest/UserGuide/Welcome.html}
}

@Misc{hid-sp18-520-amazonrdsprddet,
  Title                    = {Amazon RDS Product Details},

  Author                   = {{AWS}},
  HowPublished             = {Web Page},
  Month                    = {March},
  Year                     = {2018},

  Url                      = {https://aws.amazon.com/rds/details/}
}

@Misc{hid-sp18-520-amazonrdscreatesteps,
	Title                    = {Create and Connect to a MySQL Database},
	
	Author                   = {{AWS}},
	HowPublished             = {Web Page},
	Month                    = {March},
	Year                     = {2018},
	
	Url                      = {https://aws.amazon.com/getting-started/tutorials/create-mysql-db/}
}